@Book{clrs4e,
    author = "Thomas H. Cormen and Charles E. Leiserson and Ronald L. Rivest and Clifford Stein",
    title = "Introduction to Algorithms",
    publisher = "The MIT Press",
    year = "2022",
    edition = "4th"
}
